<?xml version="1.0" encoding="UTF-8"?><collection xmlns="http://www.loc.gov/MARC21/slim"><record><leader>00551nam--2200181-i-4500</leader><controlfield tag="001">000023813</controlfield><controlfield tag="002">20161230</controlfield><controlfield tag="005">20161230201035</controlfield><controlfield tag="008">060222s1000------------r-----000-0-fre-d</controlfield><datafield ind1=" " ind2=" " tag="040"><subfield code="a">IFIN-HH</subfield></datafield><datafield ind1=" " ind2=" " tag="041"><subfield code="a">fre</subfield></datafield><datafield ind1=" " ind2=" " tag="080"><subfield code="a">539.125.17(043)</subfield></datafield><datafield ind1="1" ind2=" " tag="100"><subfield code="a">Jacholkowska, A. Nee Fijalkowska</subfield></datafield><datafield ind1="1" ind2="0" tag="245"><subfield code="a">Recherche de particules charmees dans les interactions pp a 1 gev/c</subfield><subfield code="b">These</subfield><subfield code="c">A. jacholkowska, nee fijalkowska</subfield></datafield><datafield ind1=" " ind2=" " tag="260"><subfield code="a">Orsay</subfield><subfield code="b">Universite Paris-sud</subfield><subfield code="c">1977</subfield></datafield><datafield ind1=" " ind2=" " tag="300"><subfield code="a">95 P.+ (V48 ) FIG</subfield></datafield><datafield ind1=" " ind2=" " tag="852"><subfield code="a">46453</subfield><subfield code="c">539.12</subfield></datafield><datafield ind1=" " ind2=" " tag="CAT"><subfield code="a">Sys</subfield><subfield code="c">20111206</subfield><subfield code="h">123830</subfield></datafield></record></collection>